%!TEX root = ../thesis.tex
ABCDEFGHIJKLMNOPQRSTUVWXYZ

%%%%%%%%%%%%%%%%%%%%%%%%%%%%%
AAAAAAAAAAAAAAAAAAAAAAAAAAAAA
%%%%%%%%%%%%%%%%%%%%%%%%%%%%%

@article{Astrid2008,
author = {Astrid, Patricia and Weiland, Siep and Willcox, Karen and Backx, Ton},
doi = {10.1109/TAC.2008.2006102},
issn = {00189286},
journal = {IEEE Transactions on Automatic Control},
keywords = {Model reduction,Parameter-varying systems,Proper orthogonal decomposition,Time-varying systems},
number = {10},
pages = {2237--2251},
title = {{Missing point estimation in models described by proper orthogonal decomposition}},
volume = {53},
year = {2008}
}

